<?xml version="1.0" encoding="UTF-8"?>
<record xmlns="http://www.loc.gov/MARC21/slim" xmlns:xsi="http://www.w3.org/2001/XMLSchema-instance" xsi:schemaLocation="http://www.loc.gov/MARC21/slim http://www.loc.gov/standards/marcxml/schema/MARC21slim.xsd">
<leader>00000nam a2200289 a 4500</leader>
<controlfield tag="001">001704183</controlfield>
<controlfield tag="003">NNU</controlfield>
<controlfield tag="005">20061010171218.0</controlfield>
<controlfield tag="008">010222s1948    ua cf         000 0 arar</controlfield>
<datafield tag="010" ind1=" " ind2=" ">
<subfield code="a">59036723</subfield>
</datafield>
<datafield tag="035" ind1="9" ind2=" ">
<subfield code="a">NYUb12253898</subfield>
</datafield>
<datafield tag="035" ind1=" " ind2=" ">
<subfield code="a">(CStRLIN)NYUG01-B958</subfield>
</datafield>
<datafield tag="040" ind1=" " ind2=" ">
<subfield code="c">ZCU</subfield>
<subfield code="d">NNU</subfield>
</datafield>
<datafield tag="050" ind1="0" ind2="0">
<subfield code="a">DS56</subfield>
<subfield code="b">.M86 1947</subfield>
</datafield>
<datafield tag="066" ind1=" " ind2=" ">
<subfield code="c">(3</subfield>
</datafield>
<datafield tag="090" ind1=" " ind2=" ">
<subfield code="a">DS56</subfield>
<subfield code="b">.M86 1947</subfield>
</datafield>
<datafield tag="111" ind1="2" ind2=" ">
<subfield code="6">880-01</subfield>
<subfield code="a">Muʼtamar al-Āthār fī al-Bilād al-ʻArabīyah</subfield>
<subfield code="d">(1947 :</subfield>
<subfield code="c">Damascus, Syria)</subfield>
</datafield>
<datafield tag="245" ind1="1" ind2="0">
<subfield code="6">880-02</subfield>
<subfield code="a">Muʼtamar al-āthār fī al-bilād al-ʻArabiyah :</subfield>
<subfield code="b">al-munʻaqid fī Dimashq, Ṣayf 1947.</subfield>
</datafield>
<datafield tag="260" ind1=" " ind2=" ">
<subfield code="6">880-03</subfield>
<subfield code="a">al-Qāhirah :</subfield>
<subfield code="b">Maṭbaʻat Jāmiʻat Fuʼād al-Awwal,</subfield>
<subfield code="c">1948.</subfield>
</datafield>
<datafield tag="300" ind1=" " ind2=" ">
<subfield code="a">259 p. :</subfield>
<subfield code="b">port., plates ;</subfield>
<subfield code="c">25 cm.</subfield>
</datafield>
<datafield tag="500" ind1=" " ind2=" ">
<subfield code="a">At head of title: Jāmiʻat al-Duwal al-ʻArabiyah, al-Idārah al-Thaqāfiyah.</subfield>
</datafield>
<datafield tag="651" ind1=" " ind2="0">
<subfield code="a">Middle East</subfield>
<subfield code="x">Antiquities</subfield>
<subfield code="v">Congresses.</subfield>
</datafield>
<datafield tag="650" ind1=" " ind2="0">
<subfield code="a">Islamic art.</subfield>
</datafield>
<datafield tag="710" ind1="2" ind2=" ">
<subfield code="a">League of Arab States.</subfield>
<subfield code="b">Idārah al-Thaqāfīyah.</subfield>
</datafield>
<datafield tag="880" ind1="2" ind2=" ">
<subfield code="6">111-01/</subfield>
<subfield code="a">مؤتمر الآثار في البلاد العربية.</subfield>
</datafield>
<datafield tag="880" ind1="1" ind2="0">
<subfield code="6">245-02/</subfield>
<subfield code="a">مؤتمر الآثار في البلاد العربية :</subfield>
<subfield code="b">المنعقد في دمشق، صيف ١٩٤٧.</subfield>
</datafield>
<datafield tag="880" ind1=" " ind2=" ">
<subfield code="6">260-03/</subfield>
<subfield code="a">القاهرة :</subfield>
<subfield code="b">مطبعة جامعة فؤاد الأول،</subfield>
<subfield code="c">١٩٤٨.</subfield>
</datafield>
<datafield tag="OWN" ind1=" " ind2=" ">
<subfield code="a">GENERAL</subfield>
</datafield>
<datafield tag="998" ind1=" " ind2=" ">
<subfield code="a">20010222</subfield>
<subfield code="d">20010222</subfield>
<subfield code="d">20021006</subfield>
<subfield code="n">NNU</subfield>
<subfield code="s">1</subfield>
<subfield code="t">c</subfield>
<subfield code="z">p</subfield>
</datafield>
<datafield tag="AVA" ind1=" " ind2=" ">
<subfield code="a">NYU50</subfield>
<subfield code="b">BOBST</subfield>
<subfield code="c">Main Collection</subfield>
<subfield code="d">DS56 .M86 1947</subfield>
<subfield code="e">unavailable</subfield>
<subfield code="t">Unavailable</subfield>
<subfield code="f">1</subfield>
<subfield code="g">1</subfield>
<subfield code="h">N</subfield>
<subfield code="i">0</subfield>
<subfield code="j">MAIN</subfield>
<subfield code="k">0</subfield>
</datafield>
</record>
